@inproceedings {fuzzification,
author = {Jinho Jung and Hong Hu and David Solodukhin and Daniel Pagan and Kyu Hyung Lee and Taesoo Kim},
title = {Fuzzification: {Anti-Fuzzing} Techniques},
booktitle = {28th USENIX Security Symposium (USENIX Security 19)},
year = {2019},
isbn = {978-1-939133-06-9},
address = {Santa Clara, CA},
pages = {1913--1930},
url = {https://www.usenix.org/conference/usenixsecurity19/presentation/jung},
publisher = {USENIX Association},
month = aug
}

@inproceedings {Antifuzz,
author = {Emre G{\"u}ler and Cornelius Aschermann and Ali Abbasi and Thorsten Holz},
title = {{AntiFuzz}: Impeding Fuzzing Audits of Binary Executables},
booktitle = {28th USENIX Security Symposium (USENIX Security 19)},
year = {2019},
isbn = {978-1-939133-06-9},
address = {Santa Clara, CA},
pages = {1931--1947},
url = {https://www.usenix.org/conference/usenixsecurity19/presentation/guler},
publisher = {USENIX Association},
month = aug
}

@ARTICLE{8863940,
  author={Man√®s, Valentin J.M. and Han, HyungSeok and Han, Choongwoo and Cha, Sang Kil and Egele, Manuel and Schwartz, Edward J. and Woo, Maverick},
  journal={IEEE Transactions on Software Engineering}, 
  title={The Art, Science, and Engineering of Fuzzing: A Survey}, 
  year={2021},
  volume={47},
  number={11},
  pages={2312-2331},
  keywords={Fuzzing;Security;Computer bugs;Terminology;Software security;automated software testing;fuzzing;fuzz testing},
  doi={10.1109/TSE.2019.2946563}}

@inproceedings{bohme2017directed,
  title={Directed greybox fuzzing},
  author={B{\"o}hme, Marcel and Pham, Van-Thuan and Nguyen, Manh-Dung and Roychoudhury, Abhik},
  booktitle={Proceedings of the 2017 ACM SIGSAC conference on computer and communications security},
  pages={2329--2344},
  year={2017}
}

@inproceedings{bohme2016coverage,
  title={Coverage-based greybox fuzzing as markov chain},
  author={B{\"o}hme, Marcel and Pham, Van-Thuan and Roychoudhury, Abhik},
  booktitle={Proceedings of the 2016 ACM SIGSAC Conference on Computer and Communications Security},
  pages={1032--1043},
  year={2016}
}

@article{zhang2023safte,
  title={SAFTE: A Self-injection based anti-fuzzing technique},
  author={Zhang, Jianyi and Li, Zhenkui and Liu, Yudong and Sun, Zezheng and Wang, Zhiqiang},
  journal={Computers and Electrical Engineering},
  volume={111},
  pages={108980},
  year={2023},
  publisher={Elsevier}
}

@inproceedings{li2021vall,
  title={Vall-nut: Principled anti-grey box-fuzzing},
  author={Li, Yuekang and Meng, Guozhu and Xu, Jun and Zhang, Cen and Chen, Hongxu and Xie, Xiaofei and Wang, Haijun and Liu, Yang},
  booktitle={2021 IEEE 32nd International Symposium on Software Reliability Engineering (ISSRE)},
  pages={288--299},
  year={2021},
  organization={IEEE}
}

@article{zhou2023practical,
  title={Practical anti-fuzzing techniques with performance optimization},
  author={Zhou, Zhengxiang and Wang, Cong},
  journal={IEEE Open Journal of the Computer Society},
  year={2023},
  publisher={IEEE}
}

@inproceedings{zhou2022no,
  title={No-fuzz: Efficient anti-fuzzing techniques},
  author={Zhou, Zhengxiang and Wang, Cong and Zhao, Qingchuan},
  booktitle={International Conference on Security and Privacy in Communication Systems},
  pages={731--751},
  year={2022},
  organization={Springer}
}

@inproceedings{cheng2023anti,
  title={An Anti-Fuzzing Approach for Android Apps},
  author={Cheng, Chris Chao-Chun and Lin, Li and Shi, Chen and Guan, Yong},
  booktitle={IFIP International Conference on Digital Forensics},
  pages={37--53},
  year={2023},
  organization={Springer}
}

@article{edholm2016escaping,
  title={Escaping the fuzz-evaluating fuzzing techniques and fooling them with anti-fuzzing},
  author={Edholm, Emil and G{\"o}ransson, David},
  year={2016}
}

@article{kim2024catchfuzz,
  title={CatchFuzz: Reliable active anti-fuzzing techniques against coverage-guided fuzzer},
  author={Kim, Hee Yeon and Lee, Dong Hoon},
  journal={Computers \& Security},
  volume={143},
  pages={103904},
  year={2024},
  publisher={Elsevier}
}

@article{hamilton2017inductive,
  title={Inductive representation learning on large graphs},
  author={Hamilton, Will and Ying, Zhitao and Leskovec, Jure},
  journal={Advances in neural information processing systems},
  volume={30},
  year={2017}
}