@article{petkus2019and,
  title={Why and how zk-snark works},
  author={Petkus, Maksym},
  journal={arXiv preprint arXiv:1906.07221},
  year={2019}
}